%% LaTeX2e file `bibliography.bib'
%% generated by the `filecontents' environment
%% from source `report' on 2013/12/02.
%%
@article{quake,
  title={Quake: quality-aware detection and correction of sequencing errors},
  author={David R Kelley, Michael C Schatz, Steven L Salzberg},
  journal={Genome Biology},
  volume={11},
  number={11},
  pages={13},
  year={2010}
}

@article{musket,
  title={Musket: a multistage k-mer spectrum based error corrector for Illumina sequence data},
  author={Yongchao Liu, Jan Schröder and Bertil Schmidt},
  journal={BioInformatics},
  year={2012},
  publisher={Oxford University Press}
}
@article{parallel,
  title={A parallel algorithm for error correction in high-throughput short-read data on CUDA-enabled graphics hardware},
  author={Shi H, Schmidt B, Liu W, Müller-Wittig W.},
  journal={Journal of Computational Biology},
  volume={17},
  number={4},
  year={2010},
  publisher={Mary Ann Liebert, Inc}
}
@article{bloom,
  title={Space/time trade-offs in hash coding with allowable errors},
  author={Burton H. Bloom},
  journal={Communications of the ACM},
  volume={13},
  number={7},
  pages={422--426},
  year={1970},
  publisher={ACM, New York}
}

@article{chikhi,
  title={Informed and Automated k-Mer Size Selection for Genome Assembly},
  author={Rayan Chikhi and Paul Medvedev},
  journal={BioInformatics},
  pages={1--7},
  year={2013}
}

@article{reptile,
  title={Reptile: representative tiling for short read error correction},
  author={Xiao Yang, Karin S. Dorman and Srinivas Aluru},
  journal={BioInformatics},
  volume={26},
  number={20},
  pages={2526--2533},
  year={2010}
}

@article{McGregor,
  title={Homomorphic Fingerprints under Misalignments: Sketching Edit and Shift Distances},
  author={Alexander Andoni, Assaf Goldberger, Andrew McGregor, Ely Porat},
  journal={STOC'13},
  year={2013},
  publisher={ACM}
}

@article{debruijn,
  title={A new algorithm for DNA sequence assembly.},
  author={Idury RM, Waterman MS.},
  journal={PubMed Central},
  volume={2},
  number={2},
  pages={291--306},
  year={1995},
  publisher={ACM}
}

@article{storm,
  title={Storm, Distributed and fault-tolerant realtime computation.},
  author={Nathan Marz},
  journal={https://github.com/nathanmarz/storm/wiki/Tutorial},
  year={2012}
}

